
@misc{mengerjourney,
  title = {Shadertoy: Menger Journey},
  howpublished = {\url{https://www.shadertoy.com/view/Mdf3z7}},
  author = {Syntopia},
  note = {Accessed: 22th May 2016},
}
		
@misc{kaljourney,
  title = {Shadertoy: Kaleidoscopic Journey},
  howpublished = {\url{https://www.shadertoy.com/view/XsX3z7}},
  author = {Syntopia},
  note = {Accessed: 22th May 2016},
}
@misc{iqdistancefunctions,
  title = {modeling with distance functions},
  howpublished = {\url{http://iquilezles.org/www/articles/distfunctions/distfunctions.htm}},
  author = {Inigo, Quilez},
  note = {Accessed: 20th December 2015},
}