
@misc{mengerjourney,
  title = {Shadertoy: Menger Journey},
  howpublished = {\url{https://www.shadertoy.com/view/Mdf3z7}},
  author = {Syntopia},
  note = {Accessed: 22th May 2016},
}
		
@misc{kaljourney,
  title = {Shadertoy: Kaleidoscopic Journey},
  howpublished = {\url{https://www.shadertoy.com/view/XsX3z7}},
  author = {Syntopia},
  note = {Accessed: 22th May 2016},
}
@misc{iqdistancefunctions,
  title = {modeling with distance functions},
  howpublished = {\url{http://iquilezles.org/www/articles/distfunctions/distfunctions.htm}},
  author = {Inigo, Quilez},
  note = {Accessed: 20th December 2015},
}

@misc{bh6,
  title =   {Big Hero 6},  
  author = {Walt Disney Animation Studios},
  year = {2014},
  howpublished = {Walt Disney Pictures},
}

@misc{hal,
  title =   {2001: A Space Odyssey},  
  author = {Stanley Kubrick},
  year = {1998},
  howpublished = {Metro-Goldwyn-Mayer},
}

@misc{kalamp,
  title = {Bidirectional Path Tracing Implementation using NVIDIA OptiX},
  howpublished = {\url{http://graphics.cs.aueb.gr/graphics/docs/Constantinos%20Kalampokis%20Thesis.pdf}},
  author = {Kalampokis, Constantinos},
  note = {Accessed: 6th June 2016},
}

@misc{orbit,
  title = {On Smooth Fractal Coloring Techniques},
  howpublished = {\url{http://jussiharkonen.com/files/on_fractal_coloring_techniques(hi-res).pdf}},
  author = {H¨ark¨onen, Jussi},
  note = {Accessed: 7th June 2016},
}

@misc{pinhole,
  title = {3D Viewing: the Pinhole Camera Model},
  howpublished = {\url{http://www.scratchapixel.com/lessons/3d-basic-rendering/3d-viewing-pinhole-camera/how-pinhole-camera-works-part-2}},
  author = {Scratchapixel},
  note = {Accessed: 20th September 2015},
}


@Article{Hart1996,
author="Hart, C. John",
title="Sphere tracing: a geometric method for the antialiased ray tracing of implicit surfaces",
journal="The Visual Computer",
year="1996",
volume="12",
number="10",
pages="527--545",
issn="1432-2315",
doi="10.1007/s003710050084",
url="http://dx.doi.org/10.1007/s003710050084"
}



@inproceedings{Kim:2014:CIU:2614106.2614166,
 author = {Kim, Alex and Ferreira, Daniel P. and Bevins, Stephen},
 title = {Capturing the Infinite Universe in "Lucy": Fractal Rendering in Film Production},
 booktitle = {ACM SIGGRAPH 2014 Talks},
 series = {SIGGRAPH '14},
 year = {2014},
 isbn = {978-1-4503-2960-6},
 location = {Vancouver, Canada},
 pages = {1:1--1:1},
 articleno = {1},
 numpages = {1},
 url = {http://doi.acm.org.libezproxy.bournemouth.ac.uk/10.1145/2614106.2614166},
 doi = {10.1145/2614106.2614166},
 acmid = {2614166},
 publisher = {ACM},
 address = {New York, NY, USA},
 keywords = {Houdini, film, fractal, mantra, production, render},
} 

@inproceedings{Hart:1989:RTD:74333.74363,
 author = {Hart, J. C. and Sandin, D. J. and Kauffman, L. H.},
 title = {Ray Tracing Deterministic 3-D Fractals},
 booktitle = {Proceedings of the 16th Annual Conference on Computer Graphics and Interactive Techniques},
 series = {SIGGRAPH '89},
 year = {1989},
 isbn = {0-89791-312-4},
 pages = {289--296},
 numpages = {8},
 url = {http://doi.acm.org/10.1145/74333.74363},
 doi = {10.1145/74333.74363},
 acmid = {74363},
 publisher = {ACM},
 address = {New York, NY, USA},
} 

@article{Hart:1989:RTD:74334.74363,
 author = {Hart, J. C. and Sandin, D. J. and Kauffman, L. H.},
 title = {Ray Tracing Deterministic 3-D Fractals},
 journal = {SIGGRAPH Comput. Graph.},
 issue_date = {July 1989},
 volume = {23},
 number = {3},
 month = jul,
 year = {1989},
 issn = {0097-8930},
 pages = {289--296},
 numpages = {8},
 url = {http://doi.acm.org/10.1145/74334.74363},
 doi = {10.1145/74334.74363},
 acmid = {74363},
 publisher = {ACM},
 address = {New York, NY, USA},
} 